@MISC{stallman99:telepolis,
  AUTHOR       = "Stallman, Richard Matthew and Krempl, Stefan",
  TITLE        = "{S}oftware mu{\ss} frei sein!",
  YEAR         = "1999",
  HOWPUBLISHED = "Website",
  NOTE         = "Online erh√§ltlich unter
                  \url{http://www.heise.de/tp/deutsch/inhalt/te/2860/1.html};
                  abgerufen am 8. Januar 2005."
}
@BOOK{asdflol,
  AUTHOR       = "Fitzgerald, Baba and Russo, N. and DeGross, J.",
                 %Mehrere Autoren werden mit 'and' eingetragen
  TITLE        = "{R}ealigning {R}esearch and {P}ractice in {I}nformation {S}ystems
                 {D}evelopment: {T}he {S}ocial and {O}rganizational {P}erspective",
  PUBLISHER    = "Kluwer Academic Press",
  YEAR         = "2001",
  ADDRESS      = "Boston",
  NOTE         = "Eine optionale Notiz"
}
